<?xml version="1.0" encoding="UTF-8"?><collection xmlns="http://www.loc.gov/MARC21/slim"><record><leader>00550nam--2200145-i-4500</leader><controlfield tag="001">000035787</controlfield><controlfield tag="002">20161230</controlfield><controlfield tag="005">20170206152055</controlfield><controlfield tag="008">060222s1000------------r-----000-0-eng-d</controlfield><datafield ind1=" " ind2=" " tag="080"><subfield code="a">535(03):621.38(03):621.375.826(03)</subfield></datafield><datafield ind1=" " ind2=" " tag="245"><subfield code="a">The optical industry &amp; systems directory 1973-1974. The international encyclopedia of optical electro-optical and laser technology. Buyers guide handbook reference data application notes glossary</subfield></datafield><datafield ind1=" " ind2=" " tag="260"><subfield code="a">Long Beach</subfield><subfield code="b">Optical Spectra</subfield><subfield code="c">1973-1974</subfield></datafield><datafield ind1=" " ind2=" " tag="300"><subfield code="a">P.Dif</subfield></datafield><datafield ind1=" " ind2=" " tag="852"><subfield code="a">D.2105</subfield></datafield><datafield ind1=" " ind2=" " tag="CAT"><subfield code="a">SYS</subfield><subfield code="c">20170206</subfield><subfield code="h">152055</subfield></datafield></record></collection>